@article{OpperFixedPointCovariance,
  author    = {Manfred Opper and
               C{\'e}dric Archambeau},
  title     = {The Variational Gaussian Approximation Revisited},
  journal   = {Neural Computation},
  volume    = {21},
  number    = {3},
  year      = {2009},
  pages     = {786-792},
  ee        = {http://dx.doi.org/10.1162/neco.2008.08-07-592},
  bibsource = {DBLP, http://dblp.uni-trier.de}
}

@misc{BayesianGPLVM,
	type = {Conference or Workshop Item},
	title = {Bayesian Gaussian Process Latent Variable Model},
	url = {http://eprints.pascal-network.org/archive/00006343/},
	author = {Michalis Titsias and Neil Lawrence},
	month = feb,
	year = {2010},
	keywords = {{Learning/Statistics} \& Optimisation, Theory \& Algorithms},
	howpublished = {http://eprints.pascal-network.org/archive/00006343/}
}

@book{gpml06,
    author = {Rasmussen, Carl E. and Williams, Christopher},
    booktitle = {Gaussian Processes for Machine Learning},
    citeulike-article-id = {4015194},
    citeulike-linkout-0 = {http://www.gaussianprocess.org/gpml/},
    keywords = {gaussianprocesses, gp, machinelearning},
    posted-at = {2009-02-06 10:28:12},
    priority = {2},
    publisher = {MIT Press},
    title = {{Gaussian Processes for Machine Learning}},
    url = {http://www.gaussianprocess.org/gpml/},
    year = {2006}
}

